@book{hocking2022unity,
	title={Unity in action: multiplatform game development in C},
	author={Hocking, Joseph},
	year={2022},
	publisher={Simon and Schuster}
}
@misc{singh2023effect,
	title={Effect of resolution on player performance and experience in virtual reality low-fidelity first-person shooting games},
	author={Singh, Gauri and Vangavolu, Veera Venkata Sai Siva Ram},
	year={2023}
}